<?xml version="1.0" encoding="UTF-8"?><collection xmlns="http://www.loc.gov/MARC21/slim"><record><leader>00524nam--2200193-i-4500</leader><controlfield tag="001">000035389</controlfield><controlfield tag="002">20161230</controlfield><controlfield tag="005">20161230201040</controlfield><controlfield tag="008">060222s1000------------r-----000-0-eng-d</controlfield><datafield ind1=" " ind2=" " tag="040"><subfield code="a">IFIN-HH</subfield></datafield><datafield ind1=" " ind2=" " tag="041"><subfield code="a">eng</subfield></datafield><datafield ind1=" " ind2=" " tag="080"><subfield code="a">517(083):083.3</subfield></datafield><datafield ind1=" " ind2=" " tag="100"><subfield code="a">Pagurova, V.I</subfield></datafield><datafield ind1=" " ind2=" " tag="245"><subfield code="a">Tables of the exponential integral e (x) = e-xu u- du</subfield><subfield code="c">V.i. pagurova</subfield></datafield><datafield ind1=" " ind2=" " tag="260"><subfield code="a">Oxford, Pergamon Press, 1961</subfield></datafield><datafield ind1=" " ind2=" " tag="300"><subfield code="a">XVIII + 151P</subfield></datafield><datafield ind1=" " ind2=" " tag="490"><subfield code="a">Mathematical Tables</subfield><subfield code="v">vol. 8</subfield></datafield><datafield ind1=" " ind2=" " tag="852"><subfield code="a">27031</subfield><subfield code="c">518.2</subfield></datafield><datafield ind1=" " ind2=" " tag="CAT"><subfield code="a">Sys</subfield><subfield code="c">20100318</subfield><subfield code="h">120754</subfield></datafield></record></collection>